@article{big,
	author={Никитин~Н.~A.},
	title={Модели, методы и средства компьютерного синтезирования музыки по цветовому изображению},
	language={russian},
	year={2022}
}


@article{translation,
	author={Малахов~В.~Е. and Рогозинский~Г.~Г.},
	title={Применение декомпозиции для изучения процессов при создании генеративной музыки},
	language={russian},
	year={2022}
}

@article{web,
	author = {Никитин~Н.~А. and Розалиев~В.~Л. and Орлова~Ю.~А.},
	title = {Разработка веб-сервиса для генерации музыкальной последовательности по изображению},
	journal = {Молодой ученый},
	year = {2019},
	volume = {51},
	number = {289},
	pages = {27--30},
	url = {https://moluch.ru/archive/289/65648/},
	note = {дата обращения: 06.10.2023},
	language = {russian}
}

@article{alg,
	author = {Никитин~Н.~А. and Орлова~Ю.~А. and Розалиев~В.~Л.},
	title = {Алгоритм генерации музыкальных композиций с использованием интуитивного и эмоционального подходов},
	journal = {Молодой ученый},
	year = {2021},
	volume = {24},
	number = {366},
	pages = {35--39},
	url = {https://moluch.ru/archive/366/82308/},
	note = {дата обращения: 06.10.2023},
	language = {russian}
}

@book{umk,
	author = {Миланич~Е.~Э. and Лойко~О.~Б.},
	title  = {Учебно-методический комплекс по учебной дисциплине <<Элементарная теория музыки>>},
	year =	{2017}
}


@article{colortonote,
	author = {Abdullayev, Elyorkhon},
	title = {An Experimental Model Of Color And Sound Correlation},
	journal = {Eurasian music science journal},
	year = {2020},
	url = {https://core.ac.uk/download/pdf/336866842.pdf},
	note = {дата обращения: 07.10.2023},
	language = {russian}
}

@article{actuality,
	author = {Никитин~Н.~А. and Орлова~Ю.~А. and Розалиев~В.~Л.},
	title = {Программная генерация звуков по цветовой гамме изображений с использованием рекуррентной нейронной сети},
	journal = {Первая Всероссийская научно-практическая конференция},
	year = {2017},
	pages = {35--39},
	url = {http://fti.ulstu.ru/wp-content/uploads/2022/01/Proceedings_FTI_2017_final.pdf#page=105/},
	note = {дата обращения: 09.11.2023},
	language = {russian}
}

@article{clustering,
	title={Data clustering: A review},
	author={Jain, A. and Murty, M. and Flynn, P.},
	journal={ACM Computing Surveys},
	year={1999},
	volume={31}
}

@article{rgb,
	author = {Кузьмина~Е.~К. and Катулин~М.~В. and Пашкова~М.~М. and Решетников~А.~Г. and Семашко~В.~С. and Семашко~С.~В.},
	title = {Сравнительный анализ использования цветовых пространств RGB и HSB в задачах распознавания объектов при определении позиции предметов в роботизированных системах},
	journal = {Системный анализ в науке и образовании},
	year = {2022},
	pages = {55--63},
	url = {https://sanse.ru/index.php/sanse/article/view/520},
	note = {дата обращения: 09.11.2023},
	language = {russian}
}

@article{defcluctering,
	author={Котелина~Н.~О. and Матвийчук~Б.~Р.},
	title={Кластеризация изображения методом K-средних},
	journal={Вестник Сыктывкарского университета. Серия 1: Математика. Механика. Информатика},
	volume={Выпуск 3 (32)},
	year={2019},
	url={file:///D:/dowloads/klasterizatsiya-izobrazheniya-metodom-k-srednih.pdf},
	note={дата обращения: 10.11.2023},
	language={russian}
}


@article{pruf_clustering,
	author = {Ооржак~О.~Е.},
	title = {Алгоритм кластеризации K-средних и его реализация в среде MATLAB},
	advisor = {Баранова~И.~В.},
	institution = {Сибирский федеральный университет},
	year = {2015}, % Уточните год
	language = {russian}
}


@article{feature_representations,
	author = {Coates, Adam and Ng, Andrew Y.},
	title = {Learning Feature Representations with K-means},
	institution = {Stanford University, Stanford CA 94306, USA},
	booktitle = {Neural Networks: Tricks of the Trade},
	year = {2012},
	url = {https://web.archive.org/web/20150621073741/http://www.cs.stanford.edu/~acoates/papers/coatesng_nntot2012.pdf},
	note={дата обращения: 10.11.2023},
	language = {english}
}

@article{academic_performance,
	author = {Oyelade~O. and Oladipupo~O. and Obagbuwa~I.},
	title = {Application of k-Means Clustering Algorithm for Prediction of Students Academic Performance},
	journal = {International Journal of Computer Science and Information Security},
	year = {2010},
	volume = {7},
	number = {1},
	pages = {292--295}
}

